@FOOTNOTE{Note1,key="Note1",note=" The difference in the definition of left- and right-hand polarization for m in the paper\cite {kiang2008angular} arises because $\omega _0>0$ is chosen here, where $m>0$ corresponds to the same rotation as the electron's right-hand polarization"}
@CONTROL{REVTEX41Control}
@CONTROL{aip41Control,pages="1",title="0"}
