@article{tamm1959general,
  title={General characteristics of radiation emitted by systems moving with superlight velocities with some applications to plasma physics},
  author={Tamm, Igor E},
  journal={Nobel Lectures},
  volume={18},
  pages={122--133},
  year={1959},
  publisher={World Scientific Publishing Co.}
}
@article{frank1960optics,
  title={Optics of Light Sources Moving in Refractive Media: Vavilov-Cherenkov radiation, though interesting, is but an experimental instance of a more general problem.},
  author={Frank, IM},
  journal={Science},
  volume={131},
  number={3402},
  pages={702--712},
  year={1960},
  publisher={American Association for the Advancement of Science}
}

@article{kiang2008angular,
  title={The angular momentum of photons in a circularly polarized beam},
  author={Kiang, D and Young, K},
  journal={American Journal of Physics},
  volume={76},
  number={11},
  pages={1012--1014},
  year={2008},
  publisher={American Association of Physics Teachers}
}
@article{ginzburg1960certain,
  title={Certain theoretical aspects of radiation due to superluminal motion in a medium},
  author={Ginzburg, Vitalii L},
  journal={Soviet Physics Uspekhi},
  volume={2},
  number={6},
  pages={874},
  year={1960},
  publisher={IOP Publishing}
}
@article{shustin1971transformation,
  title={Transformation of Electron Beam Distribution Function Following Cyclotron Interaction with a Plasma},
  author={Shustin, EG and POPOVICH, P and Kharchenko, IF},
  journal={SOVIET PHYSICS JETP},
  volume={32},
  number={3},
  year={1971}
}
@article{ginzburg1946radiation,
  title={Radiation from a uniformly moving electron passing from one medium to another},
  author={Ginzburg, VL and Frank, IM},
  journal={Journ. of Experimental and Theoretical Physics (JETP) V},
  volume={16},
  pages={15--26},
  year={1946}
}
@article{nezlin1976negative,
  title={Negative-energy waves and the anomalous Doppler effect},
  author={Nezlin, Mikhail V},
  journal={Soviet Physics Uspekhi},
  volume={19},
  number={11},
  pages={946},
  year={1976},
  publisher={IOP Publishing}
}
@article{santini1984anomalous,
  title={Anomalous Doppler resonance of relativistic electrons with lower hybrid waves launched in the Frascati tokamak},
  author={Santini, F and Barbato, E and De Marco, F and Podda, S and Tuccillo, A},
  journal={Physical review letters},
  volume={52},
  number={15},
  pages={1300},
  year={1984},
  publisher={APS}
}
@article{kho1988slow,
  title={Slow-wave electron cyclotron maser},
  author={Kho, TH and Lin, AT},
  journal={Physical Review A},
  volume={38},
  number={6},
  pages={2883},
  year={1988},
  publisher={APS}
}

@article{liu2016collisionless,
  title={Collisionless pitch-angle scattering of runaway electrons},
  author={Liu, Jian and Wang, Yulei and Qin, Hong},
  journal={Nuclear Fusion},
  volume={56},
  number={6},
  pages={064002},
  year={2016},
  publisher={IOP Publishing}
}

@article{wang2016multi,
  title={Multi-scale full-orbit analysis on phase-space behavior of runaway electrons in tokamak fields with synchrotron radiation},
  author={Wang, Yulei and Qin, Hong and Liu, Jian},
  journal={Physics of Plasmas},
  volume={23},
  number={6},
  year={2016},
  publisher={AIP Publishing}
}

@article{guo2018control,
  title={Control of runaway electron energy using externally injected whistler waves},
  author={Guo, Zehua and McDevitt, Christopher J and Tang, Xian-Zhu},
  journal={Physics of Plasmas},
  volume={25},
  number={3},
  year={2018},
  publisher={AIP Publishing}
}

@article{liu2018role,
  title={Role of kinetic instability in runaway-electron avalanches and elevated critical electric fields},
  author={Liu, Chang and Hirvijoki, Eero and Fu, Guo-Yong and Brennan, Dylan P and Bhattacharjee, Amitava and Paz-Soldan, Carlos},
  journal={Physical Review Letters},
  volume={120},
  number={26},
  pages={265001},
  year={2018},
  publisher={APS}
}

@article{shi2018superlight,
  title={Superlight inverse Doppler effect},
  author={Shi, Xihang and Lin, Xiao and Kaminer, Ido and Gao, Fei and Yang, Zhaoju and Joannopoulos, John D and Solja{\v{c}}i{\'c}, Marin and Zhang, Baile},
  journal={Nature Physics},
  volume={14},
  number={10},
  pages={1001--1005},
  year={2018},
  publisher={Nature Publishing Group UK London}
}

@article{filatov2021role,
  title={The Role of the Anomalous Doppler Effect in the Interaction of Energetic Electrons with Whistler Turbulence in Flare Loops},
  author={Filatov, LV and Melnikov, VF},
  journal={Geomagnetism and Aeronomy},
  volume={61},
  number={8},
  pages={1183--1188},
  year={2021},
  publisher={Springer}
}

@article{artsimovich1967thermal,
  title={Thermal insulation of plasma in the “Tokamaks”},
  author={Artsimovich, LA and Bobrovskii, GA and Mirnov, SV and Razumova, KA and Strelkov, VS},
  journal={Soviet Atomic Energy},
  volume={22},
  number={4},
  pages={325--331},
  year={1967},
  publisher={Springer}
}

@article{kadomtsev1968electric,
  title={Electric conductivity of a plasma in a strong magnetic field},
  author={Kadomtsev, BB and Pogutse, OP},
  journal={Sov. Phys. JETP},
  volume={26},
  number={6},
  pages={1146--1150},
  year={1968}
}

@article{spong2018first,
  title={First direct observation of runaway-electron-driven whistler waves in tokamaks},
  author={Spong, Donald A and Heidbrink, WW and Paz-Soldan, C and Du, XD and Thome, KE and Van Zeeland, MA and Collins, C and Lvovskiy, A and Moyer, RA and Austin, ME and others},
  journal={Physical Review Letters},
  volume={120},
  number={15},
  pages={155002},
  year={2018},
  publisher={APS}
}

@article{liu2019intense,
  title={Intense intermittent radiation at the plasma frequency on EAST},
  author={Liu, Yong and Zhou, Tianfu and Hu, Yemin and Liu, Chang and Zhou, Ruijie and Zhang, Tao and Zhao, Hailin and Zhu, Zeying and Liu, Xiang and Ling, Bili},
  journal={Nuclear Fusion},
  volume={59},
  number={10},
  pages={106024},
  year={2019},
  publisher={IOP Publishing}
}

@article{gorozhanin1997waves,
  title={Waves excitation at anomalous Doppler effect for various electron beam energies},
  author={Gorozhanin, DV and Ivanov, BI and Khoruzhiy, VM and Onishchenko, IN and Miroshnichenko, VI},
  year={1997}
}

@article{sajjad2007runaway,
  title={Runaway Electron Beam Instability in Slide-Away Discharges inthe HT-7 Tokamak},
  author={Sajjad, S and others},
  journal={Chinese Physics Letters},
  volume={24},
  number={11},
  pages={3195},
  year={2007},
  publisher={IOP Publishing}
}

@techreport{castejon2003particle,
  title={Particle Dynamics under Quasi-linear Interaction with Electromagnetic Waves},
  author={Castejon, F and Eguilior, S},
  year={2003},
  institution={Centro de Investigaciones Energeticas}
}

@book{benford2007high,
  title={High power microwaves},
  author={Benford, James and Swegle, John A and Schamiloglu, Edl},
  year={2007},
  publisher={CRC press}
}

@article{zhang2024self,
  title={Self-mediation of runaway electrons via self-excited wave-wave and wave-particle interactions},
  author={Zhang, Qile and Zhang, Yanzeng and Tang, Qi and Tang, Xian-Zhu},
  journal={arXiv preprint arXiv:2409.15830},
  year={2024}
}

@article{ginzburg1979nonlinear,
  title={Nonlinear theory of electromagnetic wave generation and amplification based on the anomolous Doppler effect},
  author={Ginzburg, NS},
  journal={Radiophysics and Quantum Electronics},
  volume={22},
  number={4},
  pages={323--330},
  year={1979},
  publisher={Springer}
}

@article{ginzburg1996radiation,
  title={Radiation by uniformly moving sources (Vavilov--Cherenkov effect, transition radiation, and other phenomena)},
  author={Ginzburg, Vitalii L},
  journal={Physics-Uspekhi},
  volume={39},
  number={10},
  pages={973},
  year={1996},
  publisher={IOP Publishing}
}

@article{ginzburg2005radiation,
  title={Radiation from uniformly moving sources (Vavilov-Cherenkov effect, transition radiation, and some other phenomena)},
  author={Ginzburg, VL},
  journal={Acoustical Physics},
  volume={51},
  number={1},
  pages={11--23},
  year={2005},
  publisher={Springer}
}

@article{coppi1976slide,
  title={Slide-away distributions and relevant collective modes in high-temperature plasmas},
  author={Coppi, B and Pegoraro, Francesco and Pozzoli, R and Rewoldt, G},
  journal={Nuclear Fusion},
  volume={16},
  number={2},
  pages={309},
  year={1976},
  publisher={IOP Publishing}
}

@article{frolov1986excitation,
  title={Excitation and radiation of an accelerated detector and anomalous Doppler effect},
  author={Frolov, VP and Ginzburg, VL},
  journal={Physics Letters A},
  volume={116},
  number={9},
  pages={423--426},
  year={1986},
  publisher={Elsevier}
}

@article{ginzburg1996radiation,
  title={Radiation by uniformly moving sources (Vavilov--Cherenkov effect, transition radiation, and other phenomena)},
  author={Ginzburg, Vitalii L},
  journal={Physics-Uspekhi},
  volume={39},
  number={10},
  pages={973},
  year={1996},
  publisher={IOP Publishing}
}

@article{arnaut2000orbital,
  title={Orbital and intrinsic angular momentum of single photons and entangled pairs of photons generated by parametric down-conversion},
  author={Arnaut, HH and Barbosa, GA},
  journal={Physical review letters},
  volume={85},
  number={2},
  pages={286},
  year={2000},
  publisher={APS}
}


@article{liu2004particle,
  title={Particle acceleration through the resonance of high magnetic field and high frequency electromagnetic wave},
  author={Liu, Hong and He, XT and Chen, SG and Zhang, WY},
  journal={arXiv preprint physics/0411183},
  year={2004}
}

@article{qian1999exact,
  title={An exact solution of the relativistic equation of motion of a charged particle driven by a circularly polarized electromagnetic wave and a constant magnetic field},
  author={Qian, Bao-Liang},
  journal={IEEE transactions on plasma science},
  volume={27},
  number={6},
  pages={1578--1581},
  year={1999},
  publisher={IEEE}
}

@article{weyssow1990motion,
  title={Motion of a single charged particle in electromagnetic fields with cyclotron resonances},
  author={Weyssow, Boris},
  journal={Journal of plasma physics},
  volume={43},
  number={1},
  pages={119--139},
  year={1990},
  publisher={Cambridge University Press}
}

@article{gogoberidze2005origin,
  title={On the origin of the circular polarization in radio pulsars},
  author={Gogoberidze, Grigol and Machabeli, GZ},
  journal={Monthly Notices of the Royal Astronomical Society},
  volume={364},
  number={4},
  pages={1363--1366},
  year={2005},
  publisher={The Royal Astronomical Society}
}

@article{roberts1964motion,
  title={Motion of a charged particle in a constant magnetic field and a transverse electromagnetic wave propagating along the field},
  author={Roberts, Charles S and Buchsbaum, SJ},
  journal={Physical Review},
  volume={135},
  number={2A},
  pages={A381},
  year={1964},
  publisher={APS}
}

@article{bourdier2000dynamics,
  title={Dynamics of a charged particle in a circularly polarized traveling electromagnetic wave},
  author={Bourdier, A and Gond, S},
  journal={Physical Review E},
  volume={62},
  number={3},
  pages={4189},
  year={2000},
  publisher={APS}
}


@article{nusinovich1999theory,
  title={Theory of the anomalous Doppler cyclotron-resonance-maser amplifier with tapered parameters},
  author={Nusinovich, Gregory S and Korol, M and Jerby, E},
  journal={Physical Review E},
  volume={59},
  number={2},
  pages={2311},
  year={1999},
  publisher={APS}
}


@article{nusinovich1995theory,
  title={Theory of relativistic cyclotron masers},
  author={Nusinovich, Gregory S and Latham, PE and Dumbrajs, O},
  journal={Physical Review E},
  volume={52},
  number={1},
  pages={998},
  year={1995},
  publisher={APS}
}

@article{qian2000relativistic,
  title={Relativistic motion of a charged particle in a superposition of circularly polarized plane electromagnetic waves and a uniform magnetic field},
  author={Qian, Bao-Liang},
  journal={Physics of Plasmas},
  volume={7},
  number={2},
  pages={537--543},
  year={2000},
  publisher={American Institute of Physics}
}


@article{zhang2015volume,
  title={Volume-preserving algorithm for secular relativistic dynamics of charged particles},
  author={Zhang, Ruili and Liu, Jian and Qin, Hong and Wang, Yulei and He, Yang and Sun, Yajuan},
  journal={Physics of Plasmas},
  volume={22},
  number={4},
  year={2015},
  publisher={AIP Publishing}
}
@article{wei2024spin,
  title={Spin and Orbital Angular Momenta of Electromagnetic Waves: From Classical to Quantum Forms},
  author={Wei, EI and Lan, Zhihao and Chen, Menglin LN and Chen, Yongpin P and Sun, Sheng},
  journal={IEEE Journal on Multiscale and Multiphysics Computational Techniques},
  year={2024},
  publisher={IEEE}
}

@article{dendy1987classical,
  title={Classical single-particle dynamics of the anomalous Doppler resonance},
  author={Dendy, RO},
  journal={The Physics of fluids},
  volume={30},
  number={8},
  pages={2438--2441},
  year={1987},
  publisher={AIP Publishing}
}



